<record><leader>00000cas a22000007a 4500</leader><controlfield tag="001">27164765</controlfield><controlfield tag="008">921223d19461952nmuwr ne      0    0eng d</controlfield><datafield ind1=" " ind2=" " tag="010"><subfield code="a">sn 92070705 </subfield></datafield><datafield ind1=" " ind2=" " tag="040"><subfield code="a">NVM</subfield><subfield code="b">eng</subfield><subfield code="c">NVM</subfield><subfield code="d">OCLCQ</subfield><subfield code="d">OCLCF</subfield><subfield code="d">OCLCO</subfield></datafield><datafield ind1=" " ind2=" " tag="042"><subfield code="a">msc</subfield></datafield><datafield ind1=" " ind2=" " tag="043"><subfield code="a">n-us-nm</subfield></datafield><datafield ind1="0" ind2=" " tag="130"><subfield code="a">New Mexico press (Clovis, N.M. : 1946)</subfield></datafield><datafield ind1="1" ind2="0" tag="245"><subfield code="a">New Mexico press.</subfield></datafield><datafield ind1=" " ind2=" " tag="260"><subfield code="a">Clovis, N.M. :</subfield><subfield code="b">Clyde Newell</subfield></datafield><datafield ind1=" " ind2=" " tag="300"><subfield code="a">v.</subfield></datafield><datafield ind1=" " ind2=" " tag="310"><subfield code="a">Weekly</subfield></datafield><datafield ind1=" " ind2=" " tag="321"><subfield code="a">Weekly,</subfield><subfield code="b">Jan. 10, 1946-Jan. 2, 1947</subfield></datafield><datafield ind1=" " ind2=" " tag="321"><subfield code="a">Daily (except Monday),</subfield><subfield code="b">Jan. 5-Aug. 15, 1947</subfield></datafield><datafield ind1=" " ind2=" " tag="321"><subfield code="a">Semiweekly,</subfield><subfield code="b">Aug. 22, 1947-Jan. 14, 1949</subfield></datafield><datafield ind1=" " ind2=" " tag="321"><subfield code="a">Weekly,</subfield><subfield code="b">Jan. 28, 1949-May 8, 1952</subfield></datafield><datafield ind1="0" ind2=" " tag="362"><subfield code="a">Vol. 14, no. 31 (Jan. 10, 1946)-v. 23, no. 39 (May 8, 1952).</subfield></datafield><datafield ind1=" " ind2="0" tag="651"><subfield code="a">Clovis (N.M.)</subfield><subfield code="v">Newspapers.</subfield></datafield><datafield ind1=" " ind2="0" tag="651"><subfield code="a">Curry County (N.M.)</subfield><subfield code="v">Newspapers.</subfield></datafield><datafield ind1=" " ind2="7" tag="655"><subfield code="a">Newspapers.</subfield><subfield code="2">fast</subfield><subfield code="0">(OCoLC)fst01423814</subfield></datafield><datafield ind1=" " ind2="7" tag="651"><subfield code="a">New Mexico</subfield><subfield code="z">Clovis.</subfield><subfield code="2">fast</subfield><subfield code="0">(OCoLC)fst01222718</subfield></datafield><datafield ind1=" " ind2="7" tag="651"><subfield code="a">New Mexico</subfield><subfield code="z">Curry County.</subfield><subfield code="2">fast</subfield><subfield code="0">(OCoLC)fst01215724</subfield></datafield><datafield ind1=" " ind2=" " tag="752"><subfield code="a">United States</subfield><subfield code="b">New Mexico</subfield><subfield code="c">Curry</subfield><subfield code="d">Clovis.</subfield></datafield><datafield ind1="0" ind2="0" tag="780"><subfield code="t">Melrose news</subfield><subfield code="w">(DLC)sn 84020628</subfield></datafield><datafield ind1="0" ind2="0" tag="785"><subfield code="t">Clovis New Mexico press</subfield><subfield code="w">(DLC)sn 92070700</subfield></datafield></record>